<record><leader>00000cas a22000007a 4500</leader><controlfield tag="001">11429842</controlfield><controlfield tag="008">841128c19599999vauwn ne      0   a0eng d</controlfield><datafield ind1=" " ind2=" " tag="010"><subfield code="a">sn 84001998 </subfield></datafield><datafield ind1=" " ind2=" " tag="040"><subfield code="a">NSD</subfield><subfield code="b">eng</subfield><subfield code="c">NSD</subfield><subfield code="d">NVK</subfield><subfield code="d">OCLCQ</subfield><subfield code="d">OCLCF</subfield><subfield code="d">OCLCO</subfield></datafield><datafield ind1=" " ind2=" " tag="012"><subfield code="m">1</subfield></datafield><datafield ind1="1" ind2=" " tag="022"><subfield code="a">8755-9463</subfield><subfield code="l">8755-9463</subfield><subfield code="2">1</subfield></datafield><datafield ind1="1" ind2=" " tag="029"><subfield code="a">AU@</subfield><subfield code="b">000020347744</subfield></datafield><datafield ind1=" " ind2=" " tag="032"><subfield code="a">137900</subfield><subfield code="b">USPS</subfield></datafield><datafield ind1=" " ind2=" " tag="037"><subfield code="b">E &amp; H Publishing Co., P.O. Box 108, Crewe, VA 23930</subfield></datafield><datafield ind1=" " ind2=" " tag="042"><subfield code="a">nsdp</subfield></datafield><datafield ind1=" " ind2="4" tag="222"><subfield code="a">The Crewe, Burkeville journal</subfield></datafield><datafield ind1="0" ind2="4" tag="245"><subfield code="a">The Crewe, Burkeville journal.</subfield></datafield><datafield ind1="3" ind2="0" tag="246"><subfield code="a">Crewe-Burkeville journal</subfield></datafield><datafield ind1=" " ind2=" " tag="260"><subfield code="a">Crewe, Va. :</subfield><subfield code="b">E &amp; H Pub. Co.</subfield></datafield><datafield ind1=" " ind2=" " tag="310"><subfield code="a">Weekly (except Christmas)</subfield></datafield><datafield ind1="1" ind2=" " tag="362"><subfield code="a">Began in 1959.</subfield></datafield><datafield ind1=" " ind2="0" tag="651"><subfield code="a">Crewe (Va.)</subfield><subfield code="v">Newspapers.</subfield></datafield><datafield ind1=" " ind2="0" tag="651"><subfield code="a">Burkeville (Va.)</subfield><subfield code="v">Newspapers.</subfield></datafield><datafield ind1=" " ind2="7" tag="655"><subfield code="a">Newspapers.</subfield><subfield code="2">fast</subfield><subfield code="0">(OCoLC)fst01423814</subfield></datafield><datafield ind1=" " ind2="7" tag="651"><subfield code="a">Virginia</subfield><subfield code="z">Burkeville.</subfield><subfield code="2">fast</subfield><subfield code="0">(OCoLC)fst01263323</subfield></datafield><datafield ind1=" " ind2="7" tag="651"><subfield code="a">Virginia</subfield><subfield code="z">Crewe.</subfield><subfield code="2">fast</subfield><subfield code="0">(OCoLC)fst01298342</subfield></datafield><datafield ind1=" " ind2=" " tag="752"><subfield code="a">United States</subfield><subfield code="b">Virginia</subfield><subfield code="c">Nottoway</subfield><subfield code="d">Crewe.</subfield></datafield><datafield ind1="0" ind2="5" tag="780"><subfield code="t">Crewe chronicle (Crewe, Va. : 1966)</subfield><subfield code="w">(DLC)sn 95079234</subfield></datafield></record>